@article{Naidon_2016,
   title={Scattering of universal fermionic clusters in the resonating group method},
   volume={49},
   ISSN={1361-6455},
   url={http://dx.doi.org/10.1088/0953-4075/49/3/034002},
   DOI={10.1088/0953-4075/49/3/034002},
   number={3},
   journal={Journal of Physics B: Atomic, Molecular and Optical Physics},
   publisher={IOP Publishing},
   author={Naidon, Pascal and Endo, Shimpei and García-García, Antonio M},
   year={2016},
   month={Jan},
   pages={034002}
}

@article{Lazauskas:2019cxj,
    author = "Lazauskas, R. and Hiyama, E. and Carbonell, J.",
    title = "{Ab initio calculations of $^5$H resonant states}",
    eprint = "1902.10553",
    archivePrefix = "arXiv",
    primaryClass = "nucl-th",
    doi = "10.1016/j.physletb.2019.02.047",
    journal = "Phys. Lett. B",
    volume = "791",
    pages = "335--341",
    year = "2019"
}

@article{Konig:2016utl,
      author         = "K{\"o}nig, Sebastian and Grie{\ss}hammer, Harald W. and Hammer,
                        H. W. and van Kolck, U.",
      title          = "{Nuclear physics around the unitarity limit}",
      journal        = "Phys. Rev. Lett.",
      volume         = "118",
      year           = "2017",
      number         = "20",
      pages          = "202501",
      doi            = "10.1103/PhysRevLett.118.202501",
      eprint         = "1607.04623",
      archivePrefix  = "arXiv",
      primaryClass   = "nucl-th",
      reportNumber   = "INT-PUB-16-019",
      SLACcitation   = "%%CITATION = ARXIV:1607.04623;%%"
}

@article{vanKolck:1999mw,
    author = "van Kolck, U.",
    title = "{Effective field theory of nuclear forces}",
    eprint = "nucl-th/9902015",
    archivePrefix = "arXiv",
    reportNumber = "KRL-MAP-247",
    doi = "10.1016/S0146-6410(99)00097-6",
    journal = "Prog. Part. Nucl. Phys.",
    volume = "43",
    pages = "337--418",
    year = "1999"
}

@article{Ciesielski:1997vy,
    author = "Ciesielski, F. and Carbonell, J. and Gignoux, C.",
    editor = "Bacelar, J. C. S. and Dieperink, A. E. L. and Malfliet, R. A. and Kok, L. P.",
    title = "{Scattering states in the four nucleons system}",
    eprint = "nucl-th/9805020",
    archivePrefix = "arXiv",
    doi = "10.1016/S0375-9474(98)00085-2",
    journal = "Nucl. Phys. A",
    volume = "631",
    pages = "653",
    year = "1998"
}

@article{Ciesielski:1998sy,
    author = "Ciesielski, F. and Carbonell, J.",
    title = "{Solutions of the Faddeev-Yakubovsky equations for the four nucleons scattering states}",
    eprint = "nucl-th/9804031",
    archivePrefix = "arXiv",
    doi = "10.1103/PhysRevC.58.58",
    journal = "Phys. Rev. C",
    volume = "58",
    pages = "58--74",
    year = "1998"
}

@article{Ciesielski:1999pp,
    author = "Ciesielski, F. and Carbonell, J. and Gignoux, C.",
    title = "{Low-energy n+t scattering and the N N forces}",
    eprint = "nucl-th/9903062",
    archivePrefix = "arXiv",
    doi = "10.1016/S0370-2693(98)01501-9",
    journal = "Phys. Lett. B",
    volume = "447",
    pages = "199--218",
    year = "1999"
}

@article{Viviani:1998gr,
    author = "Viviani, M. and Rosati, S. and Kievsky, A.",
    title = "{Neutron H-3 and proton He-3 zero energy scattering}",
    eprint = "nucl-th/9807059",
    archivePrefix = "arXiv",
    doi = "10.1103/PhysRevLett.81.1580",
    journal = "Phys. Rev. Lett.",
    volume = "81",
    pages = "1580--1583",
    year = "1998"
}

@article{Fonseca:1999zz,
    author = "Fonseca, A. C.",
    title = "{Contribution of Nucleon-Nucleon P Waves to nt-nt, dd-pt, and dd-dd Scattering Observables}",
    doi = "10.1103/PhysRevLett.83.4021",
    journal = "Phys. Rev. Lett.",
    volume = "83",
    pages = "4021--4024",
    year = "1999"
}

@article{Lazauskas:2004uq,
    author = "Lazauskas, R. and Carbonell, J. and Fonseca, A. C. and Viviani, M. and Kievsky, A. and Rosati, S.",
    title = "{Low energy n - H-3 scattering: A Novel testground for nuclear interaction}",
    eprint = "nucl-th/0412089",
    archivePrefix = "arXiv",
    doi = "10.1103/PhysRevC.71.034004",
    journal = "Phys. Rev. C",
    volume = "71",
    pages = "034004",
    year = "2005"
}

@article{Phillips:1980zz,
    author = "Phillips, T. W. and Berman, B. L. and Seagrave, J. D.",
    title = "{Neutron total cross section for tritium}",
    doi = "10.1103/PhysRevC.22.384",
    journal = "Phys. Rev. C",
    volume = "22",
    pages = "384--396",
    year = "1980"
}

@article{osti_4230875,
title = {TOTAL NEUTRON CROSS SECTIONS OF THE HYDROGEN AND HELIUM ISOTOPES},
author = {Coon, J H},
abstractNote = {Experimental total neutron cross section data are reponted for H/sup 3/ and He/sup 3/ at 0.2 to 20 Mev, for He/sup 4/ at 1 to 15 Mev, and for H/sup 1/ and H/sup 3/ at 14.10 Mev. Interesting comparisons are made with the theoretical calculations reported by Bransden Robentson and Swan for H/sup 3/ and He/sup 3/. (auth)},
doi = {},
url = {https://www.osti.gov/biblio/4230875}, journal = {Nuclear Phys.},
volume = {Vol: 12},
place = {Country unknown/Code not available},
year = {1959},
month = {7}
}

@article{Tilley:1992zz,
    author = "Tilley, D. R. and Weller, H. R. and Hale, G. M.",
    title = "{Energy levels of light nuclei A = 4}",
    doi = "10.1016/0375-9474(92)90635-W",
    journal = "Nucl. Phys. A",
    volume = "541",
    pages = "1--104",
    year = "1992"
}

@article{deDiego:2007rd,
    author = "de Diego, R. and Garrido, E. and Fedorov, D. V. and Jensen, A. S.",
    title = "{Neutron-H-3 potentials and the H-5-properties}",
    eprint = "nucl-th/0702018",
    archivePrefix = "arXiv",
    doi = "10.1016/j.nuclphysa.2007.02.002",
    journal = "Nucl. Phys. A",
    volume = "786",
    pages = "71--89",
    year = "2007"
}

@article{Arai:2003ek,
    author = "Arai, Koji",
    title = "{Resonance states of 5H and Be-5 in a microscopic three-cluster model}",
    doi = "10.1103/PhysRevC.68.034303",
    journal = "Phys. Rev. C",
    volume = "68",
    pages = "034303",
    year = "2003"
}

@article{Schafer:2020ivj,
    author = {Sch\"afer, M. and Contessi, L. and Kirscher, J. and Mare\v{s}, J.},
    title = "{Multi-fermion systems with contact theories}",
    eprint = "2003.09862",
    archivePrefix = "arXiv",
    primaryClass = "nucl-th",
    doi = "10.1016/j.physletb.2021.136194",
    journal = "Phys. Lett. B",
    volume = "816",
    pages = "136194",
    year = "2021"
}

@article{Contessi:2017rww,
    author = "Contessi, L. and Lovato, A. and Pederiva, F. and Roggero, A. and Kirscher, J. and van Kolck, U.",
    title = "{Ground-state properties of $^{4}$He and $^{16}$O extrapolated from lattice QCD with pionless EFT}",
    eprint = "1701.06516",
    archivePrefix = "arXiv",
    primaryClass = "nucl-th",
    reportNumber = "INT-PUB-17-004",
    doi = "10.1016/j.physletb.2017.07.048",
    journal = "Phys. Lett. B",
    volume = "772",
    pages = "839--848",
    year = "2017"
}

@article{Schafer:2020rba,
    author = {Sch\"afer, M. and Bazak, B. and Barnea, N. and Mare\v{s}, J.},
    title = "{Nature of the $\Lambda nn$ $(J^\pi=1/2^+, I=1)$ and ${\rm ^3_\Lambda H^*} (J^\pi=3/2^+, I=0)$ states}",
    eprint = "2007.10264",
    archivePrefix = "arXiv",
    primaryClass = "nucl-th",
    doi = "10.1103/PhysRevC.103.025204",
    journal = "Phys. Rev. C",
    volume = "103",
    number = "2",
    pages = "025204",
    year = "2021"
}